<?xml version="1.0" encoding="UTF-8"?><collection xmlns="http://www.loc.gov/MARC21/slim"><record><leader>00512nam--2200181-i-4500</leader><controlfield tag="001">000014445</controlfield><controlfield tag="002">20161230</controlfield><controlfield tag="005">20161230201030</controlfield><controlfield tag="008">060222s1000------------r-----000-0-fre-d</controlfield><datafield ind1=" " ind2=" " tag="040"><subfield code="a">IFIN-HH</subfield></datafield><datafield ind1=" " ind2=" " tag="041"><subfield code="a">fre</subfield></datafield><datafield ind1=" " ind2=" " tag="080"><subfield code="a">533.93(043)</subfield></datafield><datafield ind1="1" ind2=" " tag="100"><subfield code="a">Bonnaud, Guy</subfield></datafield><datafield ind1="1" ind2="0" tag="245"><subfield code="a">Instabilite a 2 plasmons et electrons suprathe rmiques dans l interaction laser-matiere</subfield><subfield code="b">These</subfield><subfield code="c">Guy bonnaud</subfield></datafield><datafield ind1=" " ind2=" " tag="260"><subfield code="a">Paris</subfield><subfield code="b">Universite Paris Xi</subfield><subfield code="c">1982</subfield></datafield><datafield ind1=" " ind2=" " tag="300"><subfield code="a">180 P</subfield></datafield><datafield ind1=" " ind2=" " tag="852"><subfield code="a">71081</subfield><subfield code="c">533.9</subfield></datafield><datafield ind1=" " ind2=" " tag="CAT"><subfield code="a">Sys</subfield><subfield code="c">20110118</subfield><subfield code="h">150454</subfield></datafield></record></collection>